%  ================================== A.I. ================================== %
@article{Turing1950,
    author = {Turing, A. M.},
    title = "Computing machinery and intelligence",
    journal = {Mind},
    volume = {LIX},
    number = {236},
    pages = {433-460},
    year = {1950},
    month = {10},
    issn = {0026-4423},
    doi = {10.1093/mind/LIX.236.433},
    url = {https://doi.org/10.1093/mind/LIX.236.433},
    eprint = {http://oup.prod.sis.lan/mind/article-pdf/LIX/236/433/9866119/433.pdf},
}
@article{VanGerven2017,
  title     = "Computational Foundations of Natural Intelligence",
  author    = "van Gerven, Marcel",
  journal   = "Front. Comput. Neurosci.",
  volume    =  11,
  pages     = "112",
  month     =  dec,
  year      =  2017,
  keywords  = "artificial neural networks; cognition; machine learning; natural intelligence; strong AI",
  url       = {https://www.frontiersin.org/articles/10.3389/fncom.2017.00112/full#h12},
  doi       = {https://doi.org/10.3389/fncom.2017.00112}
}

@article{Krogh2008,
  title     = "What are artificial neural networks?",
  author    = "Krogh, Anders",
  journal   = "Nat. Biotechnol.",
  publisher = "Nature Publishing Group",
  volume    =  26,
  number    =  2,
  pages     = "195",
  month     =  feb,
  year      =  2008,
  url       = {https://www.nature.com/articles/nbt1386},
  doi       = {https://doi.org/10.1038/nbt1386}
}
@article{McCulloch1943,
  author    = "McCulloch, Warren S. and Pitts, Walter",
  title     = "A logical calculus of the ideas immanent in nervous activity",
  journal   = "The bulletin of mathematical biophysics",
  year      = "1943",
  month     = "12",
  day       = "01",
  volume    = "5",
  number    = "4",
  pages     = "115--133",
  issn      = "1522-9602",
  doi       = "10.1007/BF02478259",
  url       = "https://doi.org/10.1007/BF02478259"
}
@book{Hebb1949,
  title     = {The organization of behavior: A neuropsychological theory},
  author    = {Hebb, Donald Olding},
  year      = {1949},
  publisher = {Wiley}
}
@article{Farley1954,
  author    = {B. {Farley} and W. {Clark}},
  journal   = {Transactions of the IRE Professional Group on Information Theory},
  title     = {Simulation of self-organizing systems by digital computer},
  year      = {1954},
  volume    = {4},
  number    = {4},
  pages     = {76-84},
  doi       = {10.1109/TIT.1954.1057468},
  month     = {09}
}
@article{Rosenblatt1958, 
  title     = {The perceptron: A probabilistic model for information storage and organization in the brain.}, 
  volume    = {65}, 
  url       = {http://dx.doi.org/10.1037/h0042519}, 
  DOI       = {10.1037/h0042519}, 
  number    = {6}, 
  journal   = {Psychological Review}, 
  publisher = {American Psychological Association (APA)}, 
  author    = {Rosenblatt, F.}, 
  year      = {1958}, 
  pages     = {386â€“408} 
}
@article{Samuel1959,
  author    = {A. L. {Samuel}},
  journal   = {IBM Journal of Research and Development}, 
  title     = {Some Studies in Machine Learning Using the Game of Checkers}, 
  year      = {1959},
  volume    = {3},
  number    = {3},
  pages     = {210-229}
}

@book{Werbos1975,
  title     = {Beyond Regression: New Tools for Prediction and Analysis in the Behavioral Sciences},
  author    = {Werbos, P.J.},
  url       = {https://books.google.com.co/books?id=z81XmgEACAAJ},
  year      = {1975},
  publisher ={Harvard University}
}
@article{Hubel1962,
  title     = "Receptive fields, binocular interaction and functional architecture in the cat's visual cortex",
  author    = "Hubel, D H and Wiesel, T N",
  journal   = "J. Physiol.",
  volume    =  160,
  pages     = "106--154",
  month     =  jan,
  year      =  1962,
  keywords  = "CEREBRAL CORTEX/physiology",
  url       = {https://physoc.onlinelibrary.wiley.com/doi/abs/10.1113/jphysiol.1962.sp006837},
  doi       = {https://doi.org/10.1113/jphysiol.1962.sp006837}
}
@article{Fukushima1982,
  title     = "Neocognitron: A new algorithm for pattern recognition tolerant of
               deformations and shifts in position",
  author    = "Fukushima, Kunihiko and Miyake, Sei",
  journal   = "Pattern Recognit.",
  volume    =  15,
  number    =  6,
  pages     = "455--469",
  month     =  jan,
  year      =  1982,
  keywords  = "Visual pattern recognition; Deformation-resistant; Unsupervised
              learning; Self-organization; Neural network model; Visual nervous
              system",
  url       = {https://www.sciencedirect.com/science/article/abs/pii/0031320382900243},
  doi       = {https://doi.org/10.1016/0031-3203(82)90024-3}
}
@article{LeCun1998,
  title     = "Gradient-based learning applied to document recognition",
  author    = "LeCun, Yann and Bottou, L{\'{e}}on and Bengio, Yoshua and Haffner,
               Patrick and {Others}",
  journal   = "Proc. IEEE",
  publisher = "Taipei, Taiwan",
  volume    =  86,
  number    =  11,
  pages     = "2278--2324",
  year      =  1998,
  url       = {http://yann.lecun.com/exdb/publis/pdf/lecun-01a.pdf},
  doi       = {https://doi.org/10.1109/9780470544976.ch9}
}
@article {Hopfield1982RNN,
  author    = {Hopfield, J J},
  title     = {Neural networks and physical systems with emergent collective computational   abilities},
  volume    = {79},
  number    = {8},
  pages     = {2554--2558},
  year      = {1982},
  doi       = {10.1073/pnas.79.8.2554},
  publisher = {National Academy of Sciences},
  issn      = {0027-8424},
  URL       = {https://www.pnas.org/content/79/8/2554},
  eprint    = {https://www.pnas.org/content/79/8/2554.full.pdf},
  journal   = {Proceedings of the National Academy of Sciences}
}
@article {Elman1990RNN,
  title     = {Finding structure in time},
  author    = {Elman, Jeffrey L},
  journal   = {Cognitive science},
  volume    = {14},
  number    = {2},
  pages     = {179--211},
  year      = {1990},
  publisher = {Wiley Online Library}
}
@article{Werbos1990BPTT,
  title     = {Backpropagation through time: what it does and how to do it},
  author    = {Werbos, Paul J},
  journal   = {Proceedings of the IEEE},
  volume    = {78},
  number    = {10},
  pages     = {1550--1560},
  year      = {1990},
  publisher = {IEEE}
}

@book{Pitas2000,
  title     = {Digital Image Processing Algorithms and Applications},
  author    = {Pitas, I.},
  isbn      = {9780471377399},
  lccn      = {99056959},
  series    = {AWiley-Interscience publication},
  url       = {https://books.google.com.co/books?id=VQs\_Ly4DYDMC},
  year      = {2000},
  publisher = {Wiley}
}

@article{Qin2020,
 title      = "A biological image classification method based on improved CNN",
 journal    = "Ecological Informatics",
 volume     = "58",
 pages      = "101093",
 year       = "2020",
 issn       = "1574-9541",
 doi        = "https://doi.org/10.1016/j.ecoinf.2020.101093",
 url        = "http://www.sciencedirect.com/science/article/pii/S1574954120300431",
 author     = "Jiaohua Qin and Wenyan Pan and Xuyu Xiang and Yun Tan and Guimin Hou",
 keywords   = "CNNs, Inverted residual block, Biological image classification",
}
@article{Bora2020,
 title      = "Handwritten Character Recognition from Images using CNN-ECOC",
 journal    = "Procedia Computer Science",
 volume     = "167",
 pages      = "2403 - 2409",
 year       = "2020",
 note       = "International Conference on Computational Intelligence and Data Science",
 issn       = "1877-0509",
 doi        = "https://doi.org/10.1016/j.procs.2020.03.293",
 url        = "http://www.sciencedirect.com/science/article/pii/S1877050920307596",
 author     = "Mayur Bhargab Bora and Dinthisrang Daimary and Khwairakpam Amitab and Debdatta Kandar",
 keywords   = "Character recognition, Classification, CNN, Deep learning, ECOC, OCR, SVM",
}



@article{Hochreiter1997,
  author    = {Hochreiter, Sepp and Schmidhuber, Jurgen},
  title     = {Long Short-Term Memory},
  journal   = {Neural Computation},
  volume    = {9},
  number    = {8},
  pages     = {1735-1780},
  year      = {1997},
  doi       = {10.1162/neco.1997.9.8.1735},
  URL       = {https://doi.org/10.1162/neco.1997.9.8.1735}
}
@misc{Mitchell1997,
  title     = {Machine learning},
  author    = {Mitchell, Tom M and others},
  year      = {1997},
  publisher = {McGraw-hill New York},
  URl       = {https://profs.info.uaic.ro/~ciortuz/SLIDES/2017s/ml0.pdf}
}

@misc{Hochreiter2001gradient,
  title     = {Gradient flow in recurrent nets: the difficulty of learning long-term dependencies},
  author    = {Hochreiter, Sepp and Bengio, Yoshua and Frasconi, Paolo and Schmidhuber, J{\"u}rgen and others},
  year      = {2001},
  publisher = {A field guide to dynamical recurrent neural networks. IEEE Press}
}

@article{Kaiming2015,
  author    = {Kaiming He and
               Xiangyu Zhang and
               Shaoqing Ren and
               Jian Sun},
  title     = {Deep Residual Learning for Image Recognition},
  journal   = {CoRR},
  volume    = {abs/1512.03385},
  year      = {2015},
  url       = {http://arxiv.org/abs/1512.03385},
  archivePrefix = {arXiv},
  eprint    = {1512.03385},
  timestamp = {Wed, 17 Apr 2019 17:23:45 +0200},
  biburl    = {https://dblp.org/rec/bib/journals/corr/HeZRS15},
  bibsource = {dblp computer science bibliography, https://dblp.org}
}
@Inbook{Schraudolph1998,
  author    = "Schraudolph, Nicol N.",
  editor    = "Orr, Genevieve B. and M{\"u}ller, Klaus-Robert",
  title     = "Centering Neural Network Gradient Factors",
  bookTitle = "Neural Networks: Tricks of the Trade",
  year      = "1998",
  publisher = "Springer Berlin Heidelberg",
  address   = "Berlin, Heidelberg",
  pages     = "207--226",
  isbn      = "978-3-540-49430-0",
  doi       = "10.1007/3-540-49430-8_11",
  url       = "https://doi.org/10.1007/3-540-49430-8_11"
}

@misc{CambridgeDicAI,
  title        = "Artificial intelligence",
  booktitle    = "Cambridge dictionary",
  author       = "{Cambridge dictionary}",
  howpublished = {https://dictionary.cambridge.org/\\dictionary/english/artificial-intelligence?q=artificial+intelligence},
  note         = "Accessed: 2019-10-02"
}
@misc{OxfordDicAI,
  title        = "Artificial intelligence",
  booktitle    = "Lexico.com",
  author       = "{Lexico / Oxford}",
  howpublished = {http://english.oxforddictionaries.com/\\artificial\%20intelligence},
  note         = "Accessed: 2019-10-02"
}
@book{Bellman1978,
  title         = {An Introduction to Artificial Intelligence: Can Computers Think?},
  author        = {Bellman, R.},
  isbn          = {9780878350667},
  lccn          = {78009474},
  url           = {https://books.google.com.co/books?id=84xQAAAAMAAJ},
  year          = {1978},
  publisher     = {Boyd \& Fraser}
}
@book{benitez2014AI,
  title={Inteligencia artificial avanzada},
  author={Ben{\'{i}}tez, R. and Escudero, G. and Kanaan, S. and Rod{\'{o}}, D.M.},
  isbn={9788490643211},
  url={https://books.google.es/books?id=eT7ABAAAQBAJ},
  year={2014},
  publisher={Editorial UOC, S.L.}
}
@book{Russell2009,
  author        = {Russell, Stuart and Norvig, Peter},
  title         = {Artificial Intelligence: A Modern Approach},
  year          = {2009},
  isbn          = {9780136042594},
  edition       = {3rd},
  publisher     = {Prentice Hall Press},
  address       = {Upper Saddle River, NJ, USA},
}
@book{Moreno1994aprendizaje,
  author        = {Moreno, Antonio},
  title         = {Aprendizaje autom{\'a}tico},
  year          = {1994},
  isbn          = {9788483019962},
  publisher     = {Edicions UPC},
}
@book{alpaydin2014ML,
  title         ={Introduction to Machine Learning},
  author        ={Alpaydin, E.},
  isbn          ={9780262325745},
  edition       = {3rd},
  series        ={Adaptive computation and machine learning},
  url           ={https://books.google.es/books?id=sDOljwEACAAJ},
  year          ={2014},
  publisher={MIT Press}
}
@article{kakushadze2017,
  title         = {* K-means and cluster models for cancer signatures},
  author        = {Kakushadze, Zura and Yu, Willie},
  journal       = {Biomolecular detection and quantification},
  volume        = {13},
  pages         = {7--31},
  year          = {2017},
  publisher     = {Elsevier}
}
@article{Aggarwal2018,
  title         = {Neural networks and deep learning},
  author        = {Aggarwal, Charu C},
  journal       = {Springer},
  volume        = {10},
  pages         = {978--3},
  year          = {2018},
  publisher     = {Springer}
}

@misc{NNZoo2019,
  title        = "The neural network zoo",
  booktitle    = "The neural network zoo",
  author       = "{The Asimov institute}",
  howpublished = {https://www.asimovinstitute.org/neural-network-zoo/},
  note         = "Accessed: 2020-05-04"
}

@misc{NasaExoplanet2017,
  title        = "Artificial Intelligence, NASA Data Used to Discover Eighth Planet Circling Distant Star",
  booktitle    = "Jet Propulsion Laboratory",
  author       = "{NASA}",
  howpublished = {https://www.jpl.nasa.gov/news/news.php?feature=7026},
  note         = "Accessed: 2020-05-04"
}

@misc{Surabhi2013,
  author    = {M. C. {Surabhi}},
  booktitle = {2013 International Conference on Optical Imaging Sensor and Security (ICOSS)}, 
  title     = {Natural language processing future}, 
  year      = {2013},
  volume    = {},
  number    = {},
  pages     = {1-3}
}
@article{Young2019NLP,
 title       = "A systematic review of natural language processing for classification tasks in the field of incident reporting and adverse event analysis",
 journal     = "International Journal of Medical Informatics",
 volume      = "132",
 pages       = "103971",
 year        = "2019",
 issn        = "1386-5056",
 doi         = "https://doi.org/10.1016/j.ijmedinf.2019.103971",
 url         = "http://www.sciencedirect.com/science/article/pii/S1386505619302370",
 author      = "Ian James Bruce Young and Saturnino Luz and Nazir Lone"
}

@misc{Grover2020, 
 title      = {A State-of-the-Art Defense against Neural Fake News}, 
 url        = {https://grover.allenai.org/}, 
 journal    = {Grover},
 note       = "Accessed: 2020-05-31"
}

@InProceedings{Tan2018TransferLearning,
 author     = "Tan, Chuanqi and Sun, Fuchun and Kong, Tao and Zhang, Wenchang and Yang, Chao and Liu, Chunfang",
 editor     = "K{\r{u}}rkov{\'a}, V{\v{e}}ra and Manolopoulos, Yannis and Hammer, Barbara and Iliadis, Lazaros and Maglogiannis, Ilias",
 title      = "A Survey on Deep Transfer Learning",
 booktitle  = "Artificial Neural Networks and Machine Learning -- ICANN 2018", 
 year       = "2018",
 publisher  = "Springer International Publishing",
 address    = "Cham",
 pages      = "270--279",
 isbn       = "978-3-030-01424-7"
}

%  ================================ End A.I. ================================ %

%  ================================== Patterns ================================== %
@article{Freeman1980,
  title={The context of design},
  author={Freeman, Peter},
  journal={Software Design Techniques},
  pages={2--4},
  year={1980},
  publisher={IEEE Computer Society Press}
}
@book{Pressman2010,
  title={Ingenier{\'{i}}a del software},
  author={Pressman, Roger and Troya, Jose Maria},
  year={1988},
  publisher={McGraw Hill}
}
@book{Alexander1977,
  title={A Pattern Language: Towns, Buildings, Construction},
  author={Alexander, C.},
  isbn={9780199726530},
  series={Center for Environmental Structure Series},
  url={https://books.google.com.co/books?id=mW7RCwAAQBAJ},
  year={1977},
  publisher={Oxford University Press}
}
@book{Gamma1994,
  title={Design Patterns: Elements of Reusable Object-Oriented Software},
  author={Gamma, Erich and Helm, Richard and Johnson, Ralph and Vlissides, John},
  year={1994},
  publisher={Addison-Wesley}
}
%  ================================ End Patterns ================================ %

%  ============================= Computing concepts ============================= %
@book{Nystrom2014,
  title         = {Game Programming Patterns},
  author        = {Robert Nystrom},
  isbn          = {9780990582915},
  url           = {http://gameprogrammingpatterns.com/},
  year          = {2014},
  publisher     = {Genever Benning}
}
@book{Wadleigh2000,
  title         = {Software Optimization for High-performance Computing},
  author        = {Wadleigh, K.R. and Crawford, I.L.},
  isbn          = {9780130170088},
  lccn          = {00709512},
  series        = {HP Professional},
  url           = {https://books.google.com.co/books?id=IRN0IEXJzKEC},
  year          = {2000},
  publisher     = {Prentice Hall PTR}
}
@inproceedings{Pautasso2008,
 author = {Pautasso, Cesare and Zimmermann, Olaf and Leymann, Frank},
 title = {Restful Web Services vs. Big Web Services: Making the Right Architectural Decision},
 booktitle = {Proceedings of the 17th International Conference on World Wide Web},
 series = {WWW '08},
 year = {2008},
 isbn = {978-1-60558-085-2},
 location = {Beijing, China},
 pages = {805--814},
 numpages = {10},
 url = {http://doi.acm.org/10.1145/1367497.1367606},
 doi = {10.1145/1367497.1367606},
 acmid = {1367606},
 publisher = {ACM},
 address = {New York, NY, USA}
} 
@book{Fielding2000,
  title={Architectural styles and the design of network-based software architectures},
  author={Fielding, Roy T and Taylor, Richard N},
  volume={7},
  year={2000},
  publisher={University of California, Irvine Doctoral dissertation}
}
%  =========================== End Computing concepts =========================== %

%  ================================== Algorithm ================================== %
@article{Pastor2000Neurons,
  title={Fundamentos biof{\'{i}}sicos de la actividad neuronal},
  author={Pastor, J},
  journal={Rev neurol},
  volume={30},
  pages={741--55},
  year={2000}
}

@book{tamorri2004neurociencias,
  title={NEUROCIENCIAS Y DEPORTE. Psicolog{\'{i}}a deportiva. Procesos mentales del atleta},
  author={Tamorri, S.},
  isbn={9788480196918},
  series={Entrenamiento psicol{\'{o}}gico},
  url={https://books.google.es/books?id=MXAe0OGVrw0C},
  year={2004},
  publisher={Paidotribo}
}

@article{Cauchy1847,
  title={M{\'e}thode g{\'e}n{\'e}rale pour la r{\'e}solution des systemes dâ€™{\'e}quations simultan{\'e}es},
  author={Cauchy, Augustin},
  journal={Comp. Rend. Sci. Paris},
  volume={25},
  number={1847},
  pages={536--538},
  year={1847}
}

@article{Rubinstein1997CrossEntropy,
  title={Optimization of computer simulation models with rare events},
  author={Rubinstein, Reuven Y},
  journal={European Journal of Operational Research},
  volume={99},
  number={1},
  pages={89--112},
  year={1997},
  publisher={Elsevier}
}

@article{Jaynes1957InformationTheory,
  title={Information theory and statistical mechanics},
  author={Jaynes, Edwin T},
  journal={Physical review},
  volume={106},
  number={4},
  pages={620},
  year={1957},
  publisher={APS}
}

@article{Shore1980,
  title={Axiomatic derivation of the principle of maximum entropy and the principle of minimum cross-entropy},
  author={Shore, John and Johnson, Rodney},
  journal={IEEE Transactions on information theory},
  volume={26},
  number={1},
  pages={26--37},
  year={1980},
  publisher={IEEE}
}

%  ================================ End Algorithm ================================ %

%  ================================== Software ================================== %
@misc{Python2019,
  title        = "python",
  booktitle    = "python docs",
  author       = "{Python Software Foundation}",
  howpublished = "{https://www.python.org/doc/essays/blurb/}",
  note         = "Accessed: 2019-10-02"
}
@misc{Json2019,
  title        = "json",
  booktitle    = "json",
  author       = "{Json org}",
  howpublished = "{http://www.json.org/}",
  note         = "Accessed: 2019-10-02"
}
@misc{Yaml2019,
  title        = "yaml",
  booktitle    = "yaml",
  author       = "{Yaml org}",
  howpublished = "{https://yaml.org/spec/1.2/spec.html}",
  note         = "Accessed: 2019-10-02"
}
@misc{GoogleTF2019,
  title        = "tensorflow",
  booktitle    = "tensorflow",
  author       = "{Google Inc.}",
  howpublished = "{https://www.tensorflow.org}",
  note         = "Accessed: 2019-04-19"
}
@misc{Keras2019,
  title        = "Keras",
  booktitle    = "Keras Documentation",
  author       = "{Open-ended Neuro-Electronic Intelligent Robot Operating System}",
  howpublished = "{https://keras.io/}",
  note         = "Accessed: 2019-04-19"
}
@misc{Flask2019,
  title        = "Flask",
  booktitle    = "Flask",
  author       = "{Pallets projects}",
  howpublished = "{https://palletsprojects.com/p/flask/}",
  note         = "Accessed: 2019-10-02"
}
@misc{Logging2019,
  title        = "Logging facility for Python",
  booktitle    = "python docs",
  author       = "{Python Software Foundation}",
  howpublished = "{https://docs.python.org/3/library/logging.html}",
  note         = "Accessed: 2019-10-02"
}
@misc{Kinect2019,
  title        = "Kinect - Windows app develment",
  booktitle    = "Developer Microsoft",
  author       = "{Microsoft}",
  howpublished = {https://developer.microsoft.com/en-us/windows/kinect},
  note         = "Accessed: 2019-10-02"
}
%  ================================ End Software ================================ %

%  ================================ Related work ================================ %
%  ------ Object detection ------  %
@article{zou2019,
    title   = {Object Detection in 20 Years: A Survey},
    author  = {Zou, Zhengxia and Shi, Zhenwei and Guo, Yuhong and Ye, Jieping},
    journal = {arXiv preprint arXiv:1905.05055},
    year    = {2019}
}

@inproceedings{Viola2001,
    author  = {Viola, Paul and Jones, Michael},
    booktitle = {Proceedings of the IEEE Computer Society Conference on Computer Vision and Pattern Recognition},
    doi     = {10.1109/cvpr.2001.990517},
    issn    = {10636919},
    title   = {{Rapid object detection using a boosted cascade of simple features}},
    volume  = {1},
    year    = {2001}
}
@article{Viola2004,
    author  = {Viola, Paul and Jones, Michael J.},
    doi     = {10.1023/B:VISI.0000013087.49260.fb},
    issn    = {09205691},
    journal = {International Journal of Computer Vision},
    keywords = {Boosting,Face detection,Human sensing},
    number  = {2},
    pages   = {137--154},
    title   = {{Robust Real-Time Face Detection}},
    volume  = {57},
    year    = {2004}
}
@inproceedings{Dalal2005,
    author  = {Dalal, Navneet and Triggs, Bill},
    booktitle = {Proceedings - 2005 IEEE Computer Society Conference on Computer Vision and Pattern Recognition, CVPR 2005},
    doi     = {10.1109/CVPR.2005.177},
    isbn    = {0769523722},
    pages   = {886--893},
    title   = {{Histograms of oriented gradients for human detection}},
    volume  = {I},
    year    = {2005}
}
@inproceedings{Felzenszwalb2008,
    author  = {Felzenszwalb, Pedro and McAllester, David and Ramanan, Deva},
    booktitle = {26th IEEE Conference on Computer Vision and Pattern Recognition, CVPR},
    doi     = {10.1109/CVPR.2008.4587597},
    isbn    = {9781424422432},
    title   = {{A discriminatively trained, multiscale, deformable part model}},
    year    = {2008}
}
@article{Vaillant1994,
    author  = {Vaillant, R. and Monrocq, C. and {Le Cun}, Y.},
    doi     = {10.1049/ip-vis:19941301},
    issn    = {1350245X},
    journal = {IEE Proceedings: Vision, Image and Signal Processing},
    number  = {4},
    pages   = {245--250},
    title   = {{Original approach for the localization of objects in images}},
    volume  = {141},
    year    = {1994}
}
% R-CNN
@inproceedings{Girshick2014,
    arxivId = {1311.2524},
    author  = {Girshick, Ross and Donahue, Jeff and Darrell, Trevor and Malik, Jitendra},
    booktitle = {Proceedings of the IEEE Computer Society Conference on Computer Vision and Pattern Recognition},
    doi     = {10.1109/CVPR.2014.81},
    eprint  = {1311.2524},
    isbn    = {9781479951178},
    issn    = {10636919},
    pages   = {580--587},
    title   = {{Rich feature hierarchies for accurate object detection and semantic segmentation}},
    year    = {2014}
}
% SPP-net
@article{He2015,
    author  = {He, Kaiming and Zhang, Xiangyu and Ren, Shaoqing and Sun, Jian},
    arxivId = {1406.4729},
    doi     = {10.1109/TPAMI.2015.2389824},
    eprint = {1406.4729},
    isbn    = {9783319105772},
    issn    = {01628828},
    journal = {IEEE Transactions on Pattern Analysis and Machine Intelligence},
    keywords = {Convolutional Neural Networks,Image Classification,Object Detection,Spatial Pyramid Pooling},
    number  = {9},
    pages   = {1904--1916},
    pmid    = {26353135},
    title   = {{Spatial Pyramid Pooling in Deep Convolutional Networks for Visual Recognition}},
    volume  = {37},
    year    = {2015}
}
% Fast R-CNN
@inproceedings{Girshick2015,
    author  = {Girshick, Ross},
    arxivId = {1504.08083},
    booktitle = {Proceedings of the IEEE International Conference on Computer Vision},
    doi     = {10.1109/ICCV.2015.169},
    eprint  = {1504.08083},
    isbn    = {9781467383912},
    issn    = {15505499},
    pages   = {1440--1448},
    title   = {{Fast R-CNN}},
    volume  = {2015 Inter},
    year    = {2015}
}
% Faster R-CNN
@article{Ren2015,
    author  = {Ren, Shaoqing and He, Kaiming and Girshick, Ross},
    archivePrefix = {arXiv},
    arxivId = {arXiv:1506.01497v2},
    doi     = {10.1016/j.nima.2015.05.028},
    eprint  = {arXiv:1506.01497v2},
    issn    = {01689002},
    journal = {NIPS},
    pmid    = {27295650},
    title   = {{Faster R-CNN: Towards Real-Time Object Detection with Region Proposal Networks Shaoqing}},
    year    = {2015}
}

% YOLO
@inproceedings{Redmon2016,
    author  = {Redmon, Joseph and Divvala, Santosh and Girshick, Ross and Farhadi, Ali},
    archivePrefix = {arXiv},
    arxivId = {1506.02640},
    booktitle = {Proceedings of the IEEE Computer Society Conference on Computer Vision and Pattern Recognition},
    doi     = {10.1109/CVPR.2016.91},
    eprint  = {1506.02640},
    isbn    = {9781467388504},
    issn    = {10636919},
    pages   = {779--788},
    title   = {{You only look once: Unified, real-time object detection}},
    volume  = {2016-Decem},
    year    = {2016}
}
@inproceedings{Liu2016,
    author  = {Liu, Wei and Anguelov, Dragomir and Erhan, Dumitru and Szegedy, Christian and Reed, Scott and Fu, Cheng Yang and Berg, Alexander C.},
    booktitle = {Lecture Notes in Computer Science (including subseries Lecture Notes in Artificial Intelligence and Lecture Notes in Bioinformatics)},
    archivePrefix = {arXiv},
    arxivId = {1512.02325},
    doi     = {10.1007/978-3-319-46448-0_2},
    eprint  = {1512.02325},
    isbn    = {9783319464473},
    issn    = {16113349},
    keywords = {Convolutional neural network,Real-time object detection},
    pages   = {21--37},
    title   = {{SSD: Single shot multibox detector}},
    volume  = {9905 LNCS},
    year    = {2016}
}

% RetinaNet
@inproceedings{Lin2017,
    author  = {Lin, Tsung Yi and Goyal, Priya and Girshick, Ross and He, Kaiming and Dollar, Piotr},
    archivePrefix = {arXiv},
    arxivId = {1708.02002},
    booktitle = {Proceedings of the IEEE International Conference on Computer Vision},
    doi     = {10.1109/ICCV.2017.324},
    eprint  = {1708.02002},
    isbn    = {9781538610329},
    issn    = {15505499},
    pages   = {2999--3007},
    title   = {{Focal Loss for Dense Object Detection}},
    volume  = {2017-Octob},
    year    = {2017}
}
% RefineDet
@inproceedings{Zhang2018,
    author  = {Zhang, Shifeng and Wen, Longyin and Bian, Xiao and Lei, Zhen and Li, Stan Z.},
    archivePrefix = {arXiv},
    arxivId = {1711.06897},
    booktitle = {Proceedings of the IEEE Computer Society Conference on Computer Vision and Pattern Recognition},
    doi     = {10.1109/CVPR.2018.00442},
    eprint  = {1711.06897},
    isbn    = {9781538664209},
    issn    = {10636919},
    pages   = {4203--4212},
    title   = {{Single-Shot Refinement Neural Network for Object Detection}},
    year    = {2018}
}
%  ------ Object candidates selector ------  %
@inproceedings{Pinheiro2015,
    author  = {Pinheiro, Pedro O. and Collobert, Ronan and Dollar, Piotr},
    archivePrefix = {arXiv},
    arxivId = {1506.06204},
    booktitle = {Advances in Neural Information Processing Systems},
    eprint  = {1506.06204},
    issn    = {10495258},
    pages   = {1990--1998},
    title   = {{Learning to segment object candidates}},
    volume  = {2015-Janua},
    year    = {2015}
}
@inproceedings{Zitnick2014,
    author = {Zitnick, C. Lawrence and Doll{\'{a}}r, Piotr},
    booktitle = {Lecture Notes in Computer Science (including subseries Lecture Notes in Artificial Intelligence and Lecture Notes in Bioinformatics)},
    doi     = {10.1007/978-3-319-10602-1_26},
    issn    = {16113349},
    keywords = {edge detection,object detection,object proposals},
    number  = {PART 5},
    pages   = {391--405},
    title   = {{Edge boxes: Locating object proposals from edges}},
    series  = {8693 LNCS},
    year    = {2014}
}

%  ------ Pose estimation ------  %
@mastersthesis{Rojas-Albarracin2009,
    author  = {{Rojas Albarrac{\'{i}}n}, Gabriel},
    month   = {09},
    school  = {Universidad de Castilla - La Mancha},
    title   = {{Determinaci{\'{o}}n de comportamiento humano basado en posturas}},
    year    = {2009}
}
@incollection{Rojas-Albarracin2010,
    author  = {Rojas-Albarrac{\'{i}}n, Gabriel and Carbajal, Carlos A. and Fern{\'{a}}ndez-Caballero, Antonio and L{\'{o}}pez, Mar{\'{i}}a T.},
    booktitle = {Lecture Notes in Computer Science (including subseries Lecture Notes in Artificial Intelligence and Lecture Notes in Bioinformatics)},
    doi     = {10.1007/978-3-642-15992-3_4},
    isbn    = {3642159915},
    issn    = {03029743},
    keywords = {Thinning,image post-processing,skeletonisation},
    pages   = {30--39},
    title   = {{Skeleton simplification by key points identification}},
    publisher= {Springer, Berlin, Heidelberg},
    volume  = {6256 LNCS},
    year    = {2010}
}
@article{Poppe2007,
    author  = {Poppe, Ronald},
    doi     = {10.1016/j.cviu.2006.10.016},
    issn    = {10773142},
    journal = {Computer Vision and Image Understanding},
    keywords = {Computer vision,Human motion analysis,Pose estimation},
    number  = {1-2},
    pages   = {4--18},
    title   = {{Vision-based human motion analysis: An overview}},
    volume  = {108},
    year    = {2007}
}
@inproceedings{Ramanan2007,
    author  = {Ramanan, Deva},
    booktitle = {Advances in Neural Information Processing Systems},
    doi     = {10.7551/mitpress/7503.003.0146},
    isbn    = {9780262195683},
    issn    = {10495258},
    pages   = {1129--1136},
    title   = {{Learning to parse images of articulated bodies}},
    year    = {2007}
}
@inproceedings{Ferrari2008,
    author  = {Ferrari, Vittorio and Mar{\'{i}}n-Jim{\'{e}}nez, Manuel and Zisserman, Andrew},
    booktitle = {26th IEEE Conference on Computer Vision and Pattern Recognition, CVPR},
    doi     = {10.1109/CVPR.2008.4587468},
    isbn    = {9781424422432},
    title   = {{Progressive search space reduction for human pose estimation}},
    year    = {2008}
}
@inproceedings{Bourdev2010,
    author  = {Bourdev, Lubomir and Malik, Jitendra},
    booktitle = {2009 IEEE 12th International Conference on Computer Vision},
    doi     = {10.1109/iccv.2009.5459303},
    pages   = {1365--1372},
    title   = {{Poselets: Body part detectors trained using 3D human pose annotations}},
    year    = {2010}
}
@inproceedings{Johnson2011,
    author  = {Johnson, Sam and Everingham, Mark},
    booktitle = {Proceedings of the IEEE Computer Society Conference on Computer Vision and Pattern Recognition},
    doi     = {10.1109/CVPR.2011.5995318},
    isbn    = {9781457703942},
    issn    = {10636919},
    pages   = {1465--1472},
    title   = {{Learning effective human pose estimation from inaccurate annotation}},
    year    = {2011}
}
@inproceedings{Ladicky2013,
    author  = {Ladicky, Lubor and Torr, Philip H.S. and Zisserman, Andrew},
    booktitle = {Proceedings of the IEEE Computer Society Conference on Computer Vision and Pattern Recognition},
    doi     = {10.1109/CVPR.2013.459},
    issn    = {10636919},
    keywords = {Conditional Random Fields,Pictorial Structures,Pose Estimation},
    pages   = {3578--3585},
    title   = {{Human pose estimation using a joint pixel-wise and part-wise formulation}},
    year    = {2013}
}
@inproceedings{Pishchulin2013,
    author  = {Pishchulin, Leonid and Andriluka, Mykhaylo and Gehler, Peter and Schiele, Bernt},
    booktitle = {Proceedings of the IEEE Computer Society Conference on Computer Vision and Pattern Recognition},
    doi     = {10.1109/CVPR.2013.82},
    issn    = {10636919},
    keywords = {articulated pose estimation,part-based models,pictorial structures,poselets},
    pages   = {588--595},
    title   = {{Poselet conditioned pictorial structures}},
    year    = {2013}
}
@inproceedings{Toshev2014,
    author  = {Toshev, Alexander and Szegedy, Christian},
    booktitle = {Proceedings of the IEEE Computer Society Conference on Computer Vision and Pattern Recognition},
    doi     = {10.1109/CVPR.2014.214},
    archivePrefix = {arXiv},
    arxivId = {1312.4659},
    eprint  = {1312.4659},
    isbn    = {9781479951178},
    issn    = {10636919},
    keywords = {cascades,deep learning,human pose estimation,neural networks},
    pages   = {1653--1660},
    title   = {{DeepPose: Human pose estimation via deep neural networks}},
    year    = {2014}
}
@inproceedings{Tompson2015,
    author  = {Tompson, Jonathan and Goroshin, Ross and Jain, Arjun and LeCun, Yann and Bregler, Christoph},
    booktitle = {Proceedings of the IEEE Computer Society Conference on Computer Vision and Pattern Recognition},
    doi     = {10.1109/CVPR.2015.7298664},
    archivePrefix = {arXiv},
    arxivId = {1411.4280},
    eprint  = {1411.4280},
    isbn    = {9781467369640},
    issn    = {10636919},
    pages   = {648--656},
    title   = {{Efficient object localization using Convolutional Networks}},
    volume  = {07-12-June},
    year    = {2015}
}
@article{Zhao2015,
    author  = {Zhao, Lin and Gao, Xinbo and Tao, Dacheng and Li, Xuelong},
    doi     = {10.1016/j.sigpro.2014.07.031},
    issn    = {01651684},
    journal = {Signal Processing},
    keywords = {Articulated shapes,Deformable part models,Human detection,Pose estimation},
    pages   = {36--45},
    title   = {{A deep structure for human pose estimation}},
    volume  = {108},
    year    = {2015}
}
@incollection{Newell2016,
    author  = {Newell, Alejandro and Yang, Kaiyu and Deng, Jia},
    booktitle = {Lecture Notes in Computer Science (including subseries Lecture Notes in Artificial Intelligence and Lecture Notes in Bioinformatics)},
    doi     = {10.1007/978-3-319-46484-8_29},
    archivePrefix = {arXiv},
    arxivId = {1603.06937},
    eprint  = {1603.06937},
    isbn    = {9783319464831},
    issn    = {16113349},
    keywords = {Human pose estimation},
    pages   = {483--499},
    publisher = {Springer},
    title   = {{Stacked hourglass networks for human pose estimation}},
    volume  = {9912 LNCS},
    year    = {2016}
}
% Skeleton of CamController
@inproceedings{Cao2017,
    author  = {Cao, Zhe and Simon, Tomas and Wei, Shih En and Sheikh, Yaser},
    booktitle = {Proceedings - 30th IEEE Conference on Computer Vision and Pattern Recognition, CVPR 2017},
    doi     = {10.1109/CVPR.2017.143},
    archivePrefix = {arXiv},
    arxivId = {1812.08008},
    eprint  = {1812.08008},
    isbn    = {9781538604571},
    pages   = {1302--1310},
    title   = {{Realtime multi-person 2D pose estimation using part affinity fields}},
    volume  = {2017-January},
    year    = {2017}
}
@inproceedings{Yang2017,
    author  = {Yang, Wei and Li, Shuang and Ouyang, Wanli and Li, Hongsheng and Wang, Xiaogang},
    booktitle = {Proceedings of the IEEE International Conference on Computer Vision},
    doi     = {10.1109/ICCV.2017.144},
    archivePrefix = {arXiv},
    arxivId = {1708.01101},
    eprint  = {1708.01101},
    isbn    = {9781538610329},
    issn    = {15505499},
    pages   = {1290--1299},
    title   = {{Learning Feature Pyramids for Human Pose Estimation}},
    volume  = {2017-Octob},
    year    = {2017}
}
@inproceedings{Chen2017,
    author  = {Chen, Yu and Shen, Chunhua and Wei, Xiu Shen and Liu, Lingqiao and Yang, Jian},
    booktitle = {Proceedings of the IEEE International Conference on Computer Vision},
    doi     = {10.1109/ICCV.2017.137},
    archivePrefix = {arXiv},
    arxivId = {1705.00389},
    eprint  = {1705.00389},
    isbn    = {9781538610329},
    issn    = {15505499},
    pages   = {1221--1230},
    title   = {{Adversarial PoseNet: A Structure-Aware Convolutional Network for Human Pose Estimation}},
    volume  = {2017-Octob},
    year    = {2017}
}
@inproceedings{Chu2017,
    author  = {Chu, Xiao and Yang, Wei and Ouyang, Wanli and Ma, Cheng and Yuille, Alan L. and Wang, Xiaogang},
    booktitle = {Proceedings - 30th IEEE Conference on Computer Vision and Pattern Recognition, CVPR 2017},
    doi     = {10.1109/CVPR.2017.601},
    archivePrefix = {arXiv},
    arxivId = {1702.07432},
    eprint  = {1702.07432},
    isbn    = {9781538604571},
    pages   = {5669--5678},
    title   = {{Multi-context attention for human pose estimation}},
    volume  = {2017-Janua},
    year    = {2017}
}
@article{Ning2018,
    author = {Ning, Guanghan and Zhang, Zhi and He, Zhiquan},
    journal = {IEEE Transactions on Multimedia},
    archivePrefix = {arXiv},
    arxivId = {1705.02407},
    doi = {10.1109/TMM.2017.2762010},
    eprint = {1705.02407},
    issn = {15209210},
    keywords = {Human pose estimation,fractal networks,knowledge-guided learning},
    mendeley-groups = {Home-Monitor},
    number = {5},
    pages = {1246--1259},
    title = {{Knowledge-Guided Deep Fractal Neural Networks for Human Pose Estimation}},
    volume = {20},
    year = {2018}
}
@article{Luvizon2019,
    author  = {Luvizon, Diogo C. and Tabia, Hedi and Picard, David},
    journal = {Computers {\&} Graphics},
    archivePrefix = {arXiv},
    arxivId = {1710.02322},
    doi     = {10.1016/j.cag.2019.09.002},
    eprint  = {1710.02322},
    issn    = {00978493},
    pages   = {15--22},
    title   = {{Human pose regression by combining indirect part detection and contextual information}},
    volume  = {85},
    year    = {2019}
}
@article{Chou2018,
    author  = {Chou, Chia Jung and Chien, Jui Ting and Chen, Hwann Tzong},
    journal = {2018 Asia-Pacific Signal and Information Processing Association Annual Summit and Conference, APSIPA ASC 2018 - Proceedings},
    archivePrefix = {arXiv},
    arxivId = {1707.02439},
    doi     = {10.23919/APSIPA.2018.8659538},
    eprint  = {1707.02439},
    isbn    = {9789881476852},
    pages   = {17--30},
    title   = {{Self Adversarial Training for Human Pose Estimation}},
    year    = {2019}
}

%  ------ Activity recognition ------  %
@article{Rojas2019heart,
    title   = {Heart Attack Detection in Colour Images Using Convolutional Neural Networks} ,
    author  = {Rojas-Albarrac{\'{i}}n, Gabriel and Chaves, Miguel {\'{A}}ngel and Fern{\'{a}}ndez-Caballero, Antonio and L{\'{o}}pez, Mar{\'{i}}a T},
    journal = {Applied Sciences},
    volume  = {9},
    number  = {23},
    pages   = {5065},
    year    = {2019},
    publisher   = {Multidisciplinary Digital Publishing Institute}
}
% Survey HAR
@article{Jobanputra2019SurveyHar,
    title   = "Human Activity Recognition: A Survey",
    journal = "Procedia Computer Science",
    volume  = "155",
    pages   = "698 - 703",
    year    = "2019",
    note    = "The 16th International Conference on Mobile Systems and Pervasive Computing (MobiSPC 2019),The 14th International Conference on Future Networks and Communications (FNC-2019),The 9th International Conference on Sustainable Energy Information Technology",
    issn    = "1877-0509",
    doi     = "https://doi.org/10.1016/j.procs.2019.08.100",
    url     = "http://www.sciencedirect.com/science/article/pii/S1877050919310166",
    author  = "Charmi Jobanputra and Jatna Bavishi and Nishant Doshi",
    keywords= "Human Activity Recognition, Machine learning, Neural networks"
}

@article{Cho2009Parkinson,
    author  = {Cho, Chien Wen and Chao, Wen Hung and Lin, Sheng Huang and Chen, You Yin},
    doi     = {10.1016/j.eswa.2008.08.076},
    issn    = {09574174},
    journal = {Expert Systems with Applications},
    keywords= {Gait analysis,Linear discriminant analysis (LDA),Parkinson's disease,Principal  component analysis (PCA),Vision-based},
    month   = {04},
    number  = {3 PART 2},
    pages   = {7033--7039},
    title   = {{A vision-based analysis system for gait recognition in patients with Parkinson's disease}},   
    volume  = {36},
    year    = {2009}
}

@inproceedings{Sung2012HARKinect,
    title   = {Unstructured human activity detection from rgbd images},
    author  = {Sung, Jaeyong and Ponce, Colin and Selman, Bart and Saxena, Ashutosh},
    booktitle= {2012 IEEE international conference on robotics and automation},
    pages   = {842--849},
    year    = {2012},
    organization= {IEEE}
}

@article{Sokolova2013,
    author  = {Sokolova, Marina V. and Serrano-Cuerda, Juan and Castillo, Jos{\'{e}} Carlos and Fern{\'{a}}ndez-Caballero, Antonio},
    doi     = {10.3233/IFS-2012-0548},
    issn    = {10641246},
    journal = {Journal of Intelligent and Fuzzy Systems},
    keywords = {Fall detection,fuzzy system,infrared video,video segmentation and tracking},
    number  = {2},
    pages   = {215--228},
    title   = {{A fuzzy model for human fall detection in infrared video}},
    volume  = {24},
    year    = {2013}
}
@article{Zeng2014,
    author  = {Zeng, Wei and Wang, Cong and Yang, Feifei},
    doi     = {10.1016/j.patcog.2014.04.014},
    issn    = {00313203},
    journal = {Pattern Recognition},
    keywords = {Deterministic learning,Gait dynamics,Gait recognition,Silhouette features,Smallest error principle},
    number  = {11},
    pages   = {3568--3584},
    title   = {{Silhouette-based gait recognition via deterministic learning}},
    volume  = {47},
    year    = {2014}
}
@article{Gonzalez2015,
    author  = {Gonz{\'{a}}lez, Silvia and Sedano, Javier and Villar, Jos{\'{e}} R. and Corchado, Emilio and Herrero, {\'{A}}lvaro and Baruque, Bruno},
    doi     = {10.1016/j.neucom.2015.01.082},
    issn    = {18728286},
    journal = {Neurocomputing},
    keywords = {Feature domain reduction,Feature selection,Genetic fuzzy finite state machine,Human activity recognition,Information correlation coefficient},
    pages   = {52--60},
    title   = {{Features and models for human activity recognition}},
    volume  = {167},
    year    = {2015}
}
@misc{Chen2015,
    author  = {Chen, Yuqing and Xue, Yang},
    booktitle = {Proceedings - 2015 IEEE International Conference on Systems, Man, and Cybernetics, SMC 2015},
    doi     = {10.1109/SMC.2015.263},
    isbn    = {9781479986965},
    keywords = {convolution kernel,deep architecture,human activity recognition,tri-Axial acceleration signal},
    pages   = {1488--1492},
    title   = {{A Deep Learning Approach to Human Activity Recognition Based on Single Accelerometer}},
    year    = {2016}
}
@article{Vishwakarma2015,
    author  = {Vishwakarma, D. K. and Kapoor, Rajiv},
    doi     = {10.1016/j.eswa.2015.04.039},
    issn    = {09574174},
    journal = {Expert Systems with Applications},
    keywords = {Human activity recognition (HAR),Hybrid classifier,K-Nearest Neighbor,Linear Discriminant Analysis,Support Vector Machine},
    number  = {20},
    pages   = {6957--6965},
    title   = {{Hybrid classifier based human activity recognition using the silhouette and cells}},
    volume  = {42},
    year    = {2015}
}
@inproceedings{Chen2016,
    author  = {Chen, Yuwen and Zhong, Kunhua and Zhang, Ju and Sun, Qilong and Zhao, Xueliang},
    booktitle = {2016 International Conference on Artificial Intelligence: Technologies and Applications},
    doi     = {10.2991/icaita-16.2016.13},
    isbn    = {978-94-6252-162-9},
    issn    = {1951-6851},
    pages   = {50--53},
    publisher = {Atlantis Press},
    title   = {{LSTM networks for mobile human activity recognition}},
    year    = {2016}
}

@inproceedings{Meshry2016,
    author  = {Meshry, Moustafa and Hussein, Mohamed E. and Torki, Marwan},
    booktitle = {2016 IEEE Winter Conference on Applications of Computer Vision, WACV 2016},
    doi     = {10.1109/WACV.2016.7477587},
    archivePrefix = {arXiv},
    arxivId = {1502.01228},
    eprint  = {1502.01228},
    isbn    = {9781509006410},
    pages   = {1--9},
    title   = {{Linear-time online action detection from 3D skeletal data using bags of gesturelets}},
    year    = {2016}
}

@article{Guan2017,
    author  = {Guan, Yu and Ploetz, Thomas},
    doi     = {10.1145/3090076},
    journal = {Proc. ACM Interact. Mob. Wearable Ubiquitous Technol.},
    number  = {2},
    pages   = {11:1----11:28},
    title   = {{Ensembles of deep LSTM learners for activity recognition using wearables}},
    volume  = {1},
    year    = {2017}
}

@article{Murad2017,
    author  = {Murad, Abdulmajid and Pyun, Jae Young},
    doi     = {10.3390/s17112556},
    issn    = {14248220},
    journal = {Sensors (Switzerland)},
    keywords = {Deep learning,Human activity recognition,Recurrent neural networks},
    number  = {11},
    pmid    = {29113103},
    title   = {{Deep recurrent neural networks for human activity recognition}},
    volume  = {17},
    year    = {2017}
}
@article{Hur2018AcelerometerCNN,
    doi     = {10.3390/s18113910},
    issn    = {14248220},
    journal = {Sensors (Switzerland)},
    keywords= {Accelerometer,Convolutional neural network,Encoder,Human activity recognition, Signal transformation, Smartphone,Smartwatch},
    number  = {11},
    title   = {{Iss2Image: A novel signal-encoding technique for CNN-based human activity     recognition}},
    volume  = {18},
    year    = {2018}
}

% Emotion recognition
@article{Fragopanagos2005,
    author  = {Fragopanagos, N and Taylor, J G},
    journal = {Neural Networks},
    month   = {05},
    number  = {4},
    pages   = {389--405},
    title   = {{Emotion recognition in human-computer interaction}},
    volume  = {18},
    year    = {2005}
}

% Falling + Kinect
@inproceedings{Adhikari2017,
    author  = {Adhikari, Kripesh and Bouchachia, Hamid and Nait-Charif, Hammadi},
    booktitle = {Proceedings of the 15th IAPR International Conference on Machine Vision Applications, MVA 2017},
    doi     = {10.23919/MVA.2017.7986795},
    isbn    = {9784901122160},
    organization = {IEEE},
    pages   = {81--84},
    title   = {{Activity recognition for indoor fall detection using convolutional neural network}},
    year = {2017}
}
@inproceedings{Lin2016,
    author      = {Lin, Hsiu Yu and Hsueh, Yu Ling and Lie, Wen Nung},
    booktitle   = {Proceedings - 2016 International Computer Symposium, ICS 2016},
    doi         = {10.1109/ICS.2016.0064},
    isbn        = {9781509034383},
    keywords    = {Convolutional neural network,Data mining,Deep learning,Fall detection,Long short-term memory network},
    mendeley-groups = {InfarctDetectionBasic},
    organization = {IEEE},
    pages       = {285--289},
    title       = {{Abnormal Event Detection Using Microsoft Kinect in a Smart Home}},
    year        = {2017}
}
@article{Stone2015,
    author      = {Stone, Erik E. and Skubic, Marjorie},
    doi         = {10.1109/JBHI.2014.2312180},
    isbn        = {2168-2194 VO - 19},
    issn        = {21682194},
    journal     = {IEEE Journal of Biomedical and Health Informatics},
    keywords    = {Fall detection,kinect,older adults},
    month       = {01},
    number      = {1},
    pages       = {290--301},
    pmid        = {24733032},
    title       = {{Fall detection in homes of older adults using the microsoft kinect}},
    volume      = {19},
    year        = {2015}
}
@article{Fan2017,
    author  = {Fan, Yaxiang and Levine, Martin D. and Wen, Gongjian and Qiu, Shaohua},
    doi     = {10.1016/j.neucom.2017.02.082},
    issn    = {18728286},
    journal = {Neurocomputing},
    pages   = {43--58},
    publisher = {Elsevier},
    title = {{A deep neural network for real-time detection of falling humans in naturally occurring scenes}},
    volume  = {260},
    year    = {2017}
}
% Parkinson + Kinect
@article{Galna2014,
    author  = {Galna, Brook and Barry, Gillian and Jackson, Dan and Mhiripiri, Dadirayi and Olivier, Patrick and Rochester, Lynn},
    doi     = {10.1016/j.gaitpost.2014.01.008},
    issn    = {18792219},
    journal = {Gait and Posture},
    month   = {04},
    number  = {4},
    pages   = {1062--1068},
    publisher = {Elsevier},
    title   = {{Accuracy of the Microsoft Kinect sensor for measuring movement in people with Parkinson's disease}},
    url     = {https://www.sciencedirect.com/science/article/pii/S0966636214000241{\#}fig0015},
    volume  = {39},
    year    = {2014}
}

% Skeleton RGB CNN
@inproceedings{Lie2018,
    author      = {Lie, Wen Nung and Le, Anh Tu and Lin, Guan Han},
    booktitle   = {2018 International Workshop on Advanced Image Technology, IWAIT 2018},
    doi         = {10.1109/IWAIT.2018.8369778},
    isbn        = {9781538626153},
    keywords    = {Fall-down event detection,deep learning,human action recognition,human skeleton},
    organization = {IEEE},
    pages       = {1--4},
    title       = {{Human fall-down event detection based on 2D skeletons and deep learning approach}},
    year        = {2018}
}
@inproceedings{Ravi2016,
    author      = {Ravi, Daniele and Wong, Charence and Lo, Benny and Yang, Guang Zhong},
    booktitle   = {BSN 2016 - 13th Annual Body Sensor Networks Conference},
    doi         = {10.1109/BSN.2016.7516235},
    isbn        = {9781509030873},
    keywords    = {ActiveMiles,Deep Learning,HAR,Low-Power Devices},
    organization = {IEEE},
    pages       = {71--76},
    title       = {{Deep learning for human activity recognition: A resource efficient implementation on low-power devices}},
    year        = {2016}
}

% Person and object mask
@inproceedings{He2017,
    arxivId     = {1703.06870},
    author      = {He, Kaiming and Gkioxari, Georgia and Dollar, Piotr and Girshick, Ross},
    booktitle   = {Proceedings of the IEEE International Conference on Computer Vision},
    doi         = {10.1109/ICCV.2017.322},
    eprint      = {1703.06870},
    isbn        = {9781538610329},
    issn        = {15505499},
    month       = {10},
    pages       = {2980--2988},
    pmid        = {29994331},
    title       = {{Mask R-CNN}},
    volume      = {2017-October},
    year        = {2017}
}

@article{Nweke2019,
    doi         = {10.1016/j.inffus.2018.06.002},
    issn        = {15662535},
    journal     = {Information Fusion},
    keywords    = {Activity detection,Data fusion,Deep learning,Health monitoring,Multimodal sensors, Multiple classifier systems},
    month       = {03},
    pages       = {147--170},
    title       = {{Data fusion and multiple classifier systems for human activity detection and health monitoring: Review and open research directions}},
    url         = {https://linkinghub.elsevier.com/retrieve/pii/S1566253518304135},
    volume      = {46},
    year        = {2019}
}

% Har Cnn Infrared
@article{Akula2018HarCnn,
    title   = "Deep learning approach for human action recognition in infrared images",
    journal = "Cognitive Systems Research",
    volume  = "50",
    pages   = "146 - 154",
    year    = "2018",
    issn    = "1389-0417",
    doi     = "https://doi.org/10.1016/j.cogsys.2018.04.002",
    url     = "http://www.sciencedirect.com/science/article/pii/S1389041717302206",
    author  = "Aparna Akula and Anuj K. Shah and Ripul Ghosh",
    keywords= "Infrared, Action recognition, Deep learning, CNN, Convolution"
}

% Har Cnn Skeleton
@article{Khaire2018HarCnn,
    title   = "Combining CNN streams of RGB-D and skeletal data for human activity recognition",
    journal = "Pattern Recognition Letters",
    volume  = "115",
    pages   = "107 - 116",
    year    = "2018",
    note    = "Multimodal Fusion for Pattern Recognition",
    issn    = "0167-8655",
    doi     = "https://doi.org/10.1016/j.patrec.2018.04.035",
    url     = "http://www.sciencedirect.com/science/article/pii/S0167865518301636",
    author  = "Pushpajit Khaire and Praveen Kumar and Javed Imran",
    keywords= "Convolutional neural networks, Deep learning, Depth motion map, RGB-D sensors, Skeleton, UTD-MHAD, Motion history image and fusion"
}

% Har Cnn smartHome
@inproceedings{mehr2019HarCnn,
    title       = {Human Activity Recognition in Smart Home With Deep Learning Approach},
    author      = {Mehr, Homay Danaei and Polat, Huseyin},
    booktitle   = {2019 7th International Istanbul Smart Grids and Cities Congress and Fair (ICSG)},
    pages       = {149--153},
    year        = {2019},
    organization= {IEEE}
}
% Har Cnn 3d skelleton
@article{Dang2020Har3dSkelleton,
    title   = "DWnet: Deep-wide network for 3D action recognition",
    journal = "Robotics and Autonomous Systems",
    volume  = "126",
    pages   = "103441",
    year    = "2020",
    issn    = "0921-8890",
    doi     = "https://doi.org/10.1016/j.robot.2020.103441",
    url     = "http://www.sciencedirect.com/science/article/pii/S0921889019308176",
    author  = "Yonghao Dang and Fuxing Yang and Jianqin Yin",
    keywords= "Action recognition, Deep structure, 3D skeleton, Humanâ€“robot cooperation"
}
% Har Cnn Fuzzy
@article{Mishra2020HarCnnFuzzy,
    title   = "Real time human action recognition using triggered frame extraction and a typical CNN heuristic",
    journal = "Pattern Recognition Letters",
    volume  = "135",
    pages   = "329 - 336",
    year    = "2020",
    issn    = "0167-8655",
    doi     = "https://doi.org/10.1016/j.patrec.2020.04.031",
    url     = "http://www.sciencedirect.com/science/article/pii/S0167865520301537",
    author  = "Soumya Ranjan Mishra and Tusar Kanti Mishra and Goutam Sanyal and Anirban Sarkar and Suresh Chandra Satapathy",
    keywords= "Frame extraction, Human action recognition, CNN Frame extraction, CNN"
}

% Compartive CNN Vs HOG+SVM
@article{Aslan2020CnnVsHogSVM,
    title   = "CNN and HOG based comparison study for complete occlusion handling in human tracking",
    journal = "Measurement",
    volume  = "158",
    pages   = "107704",
    year    = "2020",
    issn    = "0263-2241",
    doi     = "https://doi.org/10.1016/j.measurement.2020.107704",
    url     = "http://www.sciencedirect.com/science/article/pii/S0263224120302426",
    author  = "Muhammet Fatih Aslan and Akif Durdu and Kadir Sabanci and Meryem Afife Mutluer",
    keywords= "Convolutional Neural Network (CNN), Complete occlusion, Human tracking, Histogram of Oriented Gradients (HOG), Kalman Filter (KF), Particle Filter (PF), Kalman-Particle Filter (KPF), Support Vector Machine (SVM)"
}
% Har Cnn-Resnet + Rnn-lstm
@article{Imran2019HarCnnLstm,
    title   = "Deep residual infrared action recognition by integrating local and global spatio-temporal cues",
    journal = "Infrared Physics \& Technology",
    volume  = "102",
    pages   = "103014",
    year    = "2019",
    issn    = "1350-4495",
    doi     = "https://doi.org/10.1016/j.infrared.2019.103014",
    url     = "http://www.sciencedirect.com/science/article/pii/S1350449519302762",
    author  = "Javed Imran and Balasubramanian Raman",
    keywords= "Infrared action recognition, Convolutional neural network, Long short-term memory, Saliency map"
}
% Har in single images
@article{Guo2014,
    title   = "A survey on still image based human action recognition",
    journal = "Pattern Recognition",
    volume  = "47",
    number  = "10",
    pages   = "3343 - 3361",
    year    = "2014",
    issn    = "0031-3203",
    doi     = "https://doi.org/10.1016/j.patcog.2014.04.018",
    url     = "http://www.sciencedirect.com/science/article/pii/S0031320314001642",
    author  = "Guodong Guo and Alice Lai",
    keywords= "Action recognition, Still image based, Various cues, Databases, Survey, Evaluation"
}

% systema de aprendizaje amplio con pocas capas
@article{Chen2018Bls,
    author  = {C. L. P. {Chen} and Z. {Liu}},
    journal = {IEEE Transactions on Neural Networks and Learning Systems}, 
    title   = {Broad Learning System: An Effective and Efficient Incremental Learning System Without the Need for Deep Architecture}, 
    year    = {2018},
    volume  = {29},
    number  = {1},
    pages   = {10-24}
}

%  ============================== End Related work ============================== %

%  ======================== Neural networks architecture ======================== %
%VGG16
@misc{Simonyan2014VGG,
    title   = {Very Deep Convolutional Networks for Large-Scale Image Recognition},
    author  = {Karen Simonyan and Andrew Zisserman},
    year    = {2014},
    eprint  = {1409.1556},
    archivePrefix={arXiv}
}
%  ====================== End Neural networks architecture ====================== %

%  ========================== Datasets and challenges =========================== %
@inproceedings{Fawzi2016DataAugmented,
    author      = {Fawzi, Alhussein and Samulowitz, Horst and Turaga, Deepak and Frossard, Pascal},
    booktitle   = {International Conference on Image Processing},
    doi         = {10.1109/ICIP.2016.7533048},
    isbn        = {9781467399616},
    issn        = {15224880},
    keywords    = {Data augmentation,Image robustness,Transformation invariance, Trust-region optimization},
    pages       = {3688--3692},
    title       = {{Adaptive data augmentation for image classification}},
    volume      = {2016-08},
    year        = {2016}
}

@article{Valipour2016,
    author      = {Valipour, Mohammad},
    doi         = {10.1002/met.1533},
    journal     = {Meteorological Applications},
    keywords    = { forest cover, meteorological conditions, seasonal trend, wet year alarm, drought alarm},
    number      = {1},
    pages       = {91--100},
    title       = {{Optimization of neural networks for precipitation analysis in a humid region to detect drought and wet year alarms}},
    url         = {https://rmets.onlinelibrary.wiley.com/doi/abs/10.1002/met.1533},
    volume      = {23},
    year        = {2016}
}
@article{Hemmat2015,
    author      = {Esfe, Mohammad Hemmat and Saedodin, Seyfolah and Sina, Nima and Afrand, Masoud and Rostami, Sara},
    doi         = {https://doi.org/10.1016/j.icheatmasstransfer.2015.06.013},
    issn        = {0735-1933},
    journal     = {International Communications in Heat and Mass Transfer},
    keywords    = { Dynamic viscosity, Nanofluids, Thermal conductivity,Artificial neural network},
    pages       = {50--57},
    title       = {{Designing an artificial neural network to predict thermal conductivity and dynamic viscosity of ferromagnetic nanofluid}},
    url         = {http://www.sciencedirect.com/science/article/pii/S073519331500127X},
    volume      = {68},
    year        = {2015}
}
@article{Turabieh2019,
    author      = {Turabieh, Hamza and Mafarja, Majdi and Li, Xiaodong},
    doi         = {https://doi.org/10.1016/j.eswa.2018.12.033},
    issn        = {0957-4174},
    journal     = {Expert Systems with Applications},
    keywords    = { Feature selection, Layered recurrent neural network,Software fault prediction},
    pages       = {27--42},
    title       = {{Iterated feature selection algorithms with layered recurrent neural network for software fault prediction}},
    url         = {http://www.sciencedirect.com/science/article/pii/S0957417418308030},
    volume      = {122},
    year        = {2019}
}

@book{Goodfellow2016,
    title       = {Deep Learning},
    author      = {Ian Goodfellow and Yoshua Bengio and Aaron Courville},
    publisher   = {MIT Press},
    note        = {\url{http://www.deeplearningbook.org}},
    year        = {2016}
}

@article{VOC2010,
    author  = {Everingham, Mark and {Van Gool}, Luc and Williams, Christopher K.I. and Winn, John and Zisserman, Andrew},
    doi     = {10.1007/s11263-009-0275-4},
    issn    = {09205691},
    journal = {International Journal of Computer Vision},
    keywords = {Benchmark,Database,Object detection,Object recognition},
    number  = {2},
    pages   = {303--338},
    title   = {{The pascal visual object classes (VOC) challenge}},
    volume  = {88},
    year    = {2010}
}
@inproceedings{ImageNet2009,
    title       = {Imagenet: A large-scale hierarchical image database},
    author      = {Deng, Jia and Dong, Wei and Socher, Richard and Li, Li-Jia and Li, Kai and Fei-Fei, Li},
    booktitle   = {2009 IEEE conference on computer vision and pattern recognition},
    pages       = {248--255},
    year        = {2009},
    organization={Ieee}
}
@misc{Imagenet2020Home,
    title        = "Image Net",
    booktitle    = "image-net.org",
    author       = "{image-net.org}",
    howpublished = {http://image-net.org/about-overview},
    note         = "Accessed: 2020-06-03"
}
@article{Imagenet-ILSVRC15,
    Author      = {Olga Russakovsky and Jia Deng and Hao Su and Jonathan Krause and Sanjeev Satheesh and Sean Ma and Zhiheng Huang and Andrej Karpathy and Aditya     Khosla and Michael Bernstein and Alexander C. Berg and Li Fei-Fei},
    Title       = {{ImageNet Large Scale Visual Recognition Challenge}},
    Year        = {2015},
    journal     = {International Journal of Computer Vision (IJCV)},
    doi         = {10.1007/s11263-015-0816-y},
    volume      = {115},
    number      = {3},
    pages       = {211-252}
}
@InProceedings{InceptionV32016,
    author      = {Szegedy, Christian and Vanhoucke, Vincent and Ioffe, Sergey and Shlens, Jon and Wojna, Zbigniew},
    title       = {Rethinking the Inception Architecture for Computer Vision},
    booktitle   = {The IEEE Conference on Computer Vision and Pattern Recognition (CVPR   )},
    month       = {06},
    year        = {2016}
}

@inproceedings{COCO2014,
    author = {Lin, Tsung Yi and Maire, Michael and Belongie, Serge and Hays, James and Perona, Pietro and Ramanan, Deva and Doll{\'{a}}r, Piotr and Zitnick, C. Lawrence},
    booktitle = {Lecture Notes in Computer Science (including subseries Lecture Notes in Artificial Intelligence and Lecture Notes in Bioinformatics)},
    archivePrefix = {arXiv},
    arxivId = {1405.0312},
    doi     = {10.1007/978-3-319-10602-1_48},
    eprint  = {1405.0312},
    issn    = {16113349},
    number  = {PART 5},
    pages   = {740--755},
    title   = {{Microsoft COCO: Common objects in context}},
    series  = {8693 LNCS},
    year    = {2014}
}
@misc{Coco2020KeyPointsHome,
    title        = "Coco Dataset",
    booktitle    = "cocodataset.org",
    author       = "{cocodataset.org}",
    howpublished = {http://cocodataset.org/\#keypoints-2019},
    note         = "Accessed: 2020-06-03"
}

@inproceedings{FLIC2013,
    author  = {Sapp, Ben and Taskar, Ben},
    booktitle = {Proceedings of the IEEE Computer Society Conference on Computer Vision and Pattern Recognition},
    doi     = {10.1109/CVPR.2013.471},
    issn    = {10636919},
    pages   = {3674--3681},
    title   = {{MODEC: Multimodal decomposable models for human pose estimation}},
    year    = {2013}
}
@inproceedings{MPII2014,
    author  = {Andriluka, Mykhaylo and Pishchulin, Leonid and Gehler, Peter and Schiele, Bernt},
    booktitle = {Proceedings of the IEEE Computer Society Conference on Computer Vision and Pattern Recognition},
    doi     = {10.1109/CVPR.2014.471},
    isbn    = {9781479951178},
    issn    = {10636919},
    keywords = {human pose estimation, performance evaluation},
    month   = {06},
    pages   = {3686--3693},
    title   = {{2D human pose estimation: New benchmark and state of the art analysis}},
    year    = {2014}
}
@misc{Humaneva2020Home,
    title        = "humaneva Dataset",
    booktitle    = "humaneva.is.tue.mpg.de",
    author       = "{Max Planck Institute for Intelligent Systems}",
    howpublished = {http://humaneva.is.tue.mpg.de/},
    note         = "Accessed: 2020-06-03"
}
@article{Sigal2010Humaneva,
    title       = {Humaneva: Synchronized video and motion capture dataset and baseline algorithm for evaluation of articulated human motion},
    author      = {Sigal, Leonid and Balan, Alexandru O and Black, Michael J},
    journal     = {International journal of computer vision},
    volume      = {87},
    number      = {1-2},
    pages       = {4},
    year        = {2010},
    publisher   = {Springer}
}

@inproceedings{LSP2010,
    author      = {Johnson, Sam and Everingham, Mark},
    booktitle   = {British Machine Vision Conference, BMVC 2010 - Proceedings},
    doi         = {10.5244/C.24.12},
    title       = {{Clustered pose and nonlinear appearance models for human pose estimation}},
    year        = {2010}
}


@misc{Vanguardia2017Sesgo,
    title        = "Por qu{\'{e}} la inteligencia artificial puede resultar sexista o racista",
    booktitle    = "lavanguardia.com",
    author       = "{lavanguardia}",
    howpublished = {https://www.lavanguardia.com/vida/20171024/432320320392/inteligencia-artificial-sexismo-racismo-discriminacion.html},
    note         = "Accessed: 2020-06-10"
}

@inproceedings{Buolamwini2018Sesgo,
    title       = {Gender shades: Intersectional accuracy disparities in commercial gender classification},
    author      = {Buolamwini, Joy and Gebru, Timnit},
    booktitle   = {Conference on fairness, accountability and transparency},
    pages       = {77--91},
    year        = {2018}
}

@inproceedings{Bolukbasi2016Sesgo,
    title       = {Man is to computer programmer as woman is to homemaker? debiasing word embeddings} ,
    author      = {Bolukbasi, Tolga and Chang, Kai-Wei and Zou, James Y and Saligrama, Venkatesh and Kalai, Adam T},
    booktitle   = {Advances in neural information processing systems},
    pages       = {4349--4357},
    year        = {2016}
}

@inproceedings{Mikolov2013Word2Vec,
    title       = {Distributed representations of words and phrases and their compositionality} ,
    author      = {Mikolov, Tomas and Sutskever, Ilya and Chen, Kai and Corrado, Greg S and Dean, Jeff},
    booktitle   = {Advances in neural information processing systems},
    pages       = {3111--3119},
    year        = {2013}
}


%  ======================== End Datasets and challenges ========================= %

%  ================================== Various ================================== %
@misc{WorldBank2019,
    note        = {{A}ccessed: 2019-04-24},
    author      = {{The World Bank}},
    title       = {{Population ages 65 and above ({\%} of total)}},
    url         = {https://data.worldbank.org/indicator/SP.POP.65UP.TO.ZS},
    year        = {2017}
}
@article{Arriagada2007,
    author      = {Arriagada, Irma},
    issn        = {1405-7425},
    journal     = {Papeles de Poblaci{\'{o}}n},
    number      = {53},
    pages       = {9--22},
    title       = {{Familias latinoamericanas: cambiantes, diversas y desiguales}},
    volume      = {13},
    year        = {2007}
}
@book{Allison2014,
    title       = {Precarious Japan},
    author      = {Allison, A.},
    isbn        = {9780822377245},
    series      = {Chronicles of the New World Encounter},
    pages       = "126--127",
    year        = {2014},
    publisher   = {Duke University Press}
}
@misc{Onishi2017,
    note        = {{A}ccessed: 2019-10-24},
    author      = {Onishi, Norimitsu},
    month       = {11},
    publisher   = {The New York Times},
    title       = {{A Generation in Japan Faces a Lonely Death - The New York Times}},
    url         = {https://www.nytimes.com/2017/11/30/world/asia/japan-lonely-deaths-the-end.html},
    year        = {2017}
}
@misc{Sanchez2016,
    note        = {{A}ccessed: 2019-10-24},
    author      = {Guillem Sanchez},
    month       = {05},
    publisher   = {El Peri{\'{o}}dico},
    title       = {{Nadie ech{\'{o}} de menos a Teresa}},
    url         = {https://www.elperiodico.com/es/barcelona/20160514/nadie-echa-de-menos-a-aurelia-5114226},
    year        = {2016}
}
@misc{BBC2018,
    note        = {{A}ccessed: 2019-10-24},
    author      = {BBC},
    month       = {01},
    pages       = {1},
    publisher   = {BBC},
    title       = {{La soledad, un mal contempor{\'{a}}neo mundial que en Reino Unido ahora es asunto de Estado - BBC News Mundo}},
    url         = {https://www.bbc.com/mundo/noticias-42723066},
    year        = {2018}
}
@misc{Horizonte2020,
    note        = {{A}ccessed: 2019-10-24},
    author      = {Horizonte2020},
    title       = {{Envejecimiento activo, vida autonoma y asistida}},
    url         = {http://eshorizonte2020.cdti.es/index.asp?MP=87{\&}MS=715{\&}MN=2{\&}TR=C{\&}IDR=1986},
    year        = {2018}
}

@misc{OMS2018,
    note        = {{A}ccessed: 2019-04-24},
    author      = {{World Health Organization}},
    title       = {{The Top 10 Causes of Death}},
    url         = {https://www.who.int/news-room/fact-sheets/detail/the-top-10-causes-of-death},
    year        = {2018}
}

@misc{WebSockets2020,
    note        = {{A}ccessed: 2020-06-03},
    author      = {{mozilla.org}},
    title       = {{WebSockets}},
    url         = {https://developer.mozilla.org/es/docs/Web/API/WebSockets_API},
    year        = {2020},
    journal     = {Documentaci{\'{o}}n web de MDN}
}

@article{Patel2018,
    author      = {Patel, Ashruta and Fang, Jing and Gillespie, Cathleen and Odom, Erika and Luncheon, Cecily and Ayala, Carma},
    doi         = {10.1016/j.jacc.2017.10.104},
    journal     = {Journal of the American College of Cardiology},
    number      = {7},
    pages       = {808--809},
    title       = {{Awareness of heart attack signs and symptoms and calling 9-1-1 among U.S. adults}},
    volume      = {71},
    year        = {2018}
}

@article{Goff1998,
    author      = {Goff, David C., Jr and Sellers, Deborah E. and McGovern, Paul G. and Meischke, Hendrika and Goldberg, Robert J. and Bittner, Vera and Hedges, Jerris R. and Allender, P. Scott and Nichaman, Milton Z. and for the REACT Study Group},
    title       = "{Knowledge of Heart Attack Symptoms in a Population Survey in the United States: The REACT Trial}",
    journal     = {JAMA Internal Medicine},
    volume      = {158},
    number      = {21},
    pages       = {2329-2338},
    year        = {1998},
    month       = {11},
    issn        = {2168-6106},
    doi         = {10-1001/pubs.Arch Intern Med.-ISSN-0003-9926-158-21-ioi80208},
    url         = {https://doi.org/10-1001/pubs.Arch Intern Med.-ISSN-0003-9926-158-21-ioi80208},
    eprint      = {https://jamanetwork.com/journals/jamainternalmedicine/articlepdf/1729652/ioi80208.pdf},
}
@article{Karsh2006,
    author  = {Karsh, Ben Tzion},
    doi     = {10.1080/14639220512331335160},
    issn    = {1464536X},
    journal = {Theoretical Issues in Ergonomics Science},
    keywords = {Ergonomics,Injury causation,Safety,Work related musculoskeletal disorders},
    number  = {1},
    pages   = {71--88},
    title   = {{Theories of work-related musculoskeletal disorders: Implications for ergonomic interventions}},
    volume  = {7},
    year    = {2006}
}
@article{Balista2010,
    author  = {Balista, Junius Andr{\'{e}} F. and Soriano, Maricor N. and Saloma, Caesar A.},
    doi     = {10.1016/j.patrec.2009.09.001},
    issn    = {01678655},
    journal = {Pattern Recognition Letters},
    keywords = {Gait analysis,Gait data compression,Gait imaging,Human gait,Human motion capture},
    number  = {1},
    pages   = {20--27},
    title   = {{Compact time-independent pattern representation of entire human gait cycle for tracking of gait irregularities}},
    volume  = {31},
    year    = {2010}
}
@article{Bianch2006,
    author  = {Bianchi-Berthouze, N. and Cairns, P. and Cox, A. and Jennett, C. and Kim, W.W.},
    journal = {Emotion and HCI workshop at BCS HCI London},
    title = {{On posture as a modality for expressing and recognizing emotions}},
    year = {2006}
}
%  ================================ End Various ================================ %
